@misc{oeis,
    title     = "{OEIS Foundation Inc. (2021), The On-Line Encyclopedia of Integer Sequences}",
    NOTE =     "\href{https://oeis.org/A001113}{A001113}, 
\href{https://oeis.org/A143280}{A143280}, \href{https://oeis.org/A288055}{A288055}, \href{https://oeis.org/A288091}{A288091}, \href{https://oeis.org/A288092}{A288092}, \href{https://oeis.org/A288093}{A288093},
\href{https://oeis.org/A288094}{A288094},
\href{https://oeis.org/A288095}{A288095},
\href{https://oeis.org/A288096}{A288096}.
\href{https://oeis.org/A342033}{A342033},"
}
@misc{callan2009combinatorial,
      title={A combinatorial survey of identities for the double factorial}, 
      author={David Callan},
      year={2009},
      eprint={0906.1317},
      archivePrefix={arXiv},
      primaryClass={math.CO}
}
@misc{doublefactorial,
    author   = {Weisstein, Eric W.},
    title    = {Double Factorial. {From MathWorld---A Wolfram Web Resource}},
    howpublished      = {\url{https://mathworld.wolfram.com/DoubleFactorial.html}},
    note     = {Last visited on \today},
}
@misc{gamma,
    author   = {Weisstein, Eric W.},
    title    = {Gamma Function. {From MathWorld---A Wolfram Web Resource}},
    howpublished      = {\url{https://mathworld.wolfram.com/GammaFunction.html}},
    note     = {Last visited on \today},
}
@misc{beta,
    author   = {Weisstein, Eric W.},
    title    = {Beta Function. {From MathWorld---A Wolfram Web Resource}},
    howpublished      = {\url{https://mathworld.wolfram.com/BetaFunction.html}},
    note     = {Last visited on \today},
}
@misc{incompletegamma,
    author   = {Weisstein, Eric W.},
    title    = {Incomplete Gamma Function. {From MathWorld---A Wolfram Web Resource}},
    howpublished      = {\url{https://mathworld.wolfram.com/IncompleteGammaFunction.html}},
    note     = {Last visited on \today},
}
@misc{RMFCwolfram,
    author   = {Weisstein, Eric W.},
    title    = {Reciprocal Multifactorial Constant. {From MathWorld---A Wolfram Web Resource}},
    howpublished      = {\url{https://mathworld.wolfram.com/ReciprocalMultifactorialConstant.html}},
    note     = {Last visited on \today},
}
@misc {stackproof,
    TITLE = {How to prove the formula for the Reciprocal Multifactorial constant?},

    HOWPUBLISHED = {Mathematics Stack Exchange},
    NOTE = {https://math.stackexchange.com/q/3993774 (version: 2021-01-21)},
    EPRINT = {https://math.stackexchange.com/q/3993774},
    URL = {https://math.stackexchange.com/q/3993774}
}
@misc {stackasymptote,
    TITLE = {How do I examine the behavior of the Reciprocal Multifactorial Series $\Sigma \frac{1}{n!^{(k)}}$ as k approaches infinity.},
    HOWPUBLISHED = {Mathematics Stack Exchange},
    NOTE = {https://math.stackexchange.com/q/4021528 (version: 2021-02-11)},
    EPRINT = {https://math.stackexchange.com/q/4021528},
    URL = {https://math.stackexchange.com/q/4021528}
}
@misc{expwolfram,
    author   = {Weisstein, Eric W.},
    title    = {Exponential Function. {From MathWorld---A Wolfram Web Resource}},
    howpublished      = {\url{https://mathworld.wolfram.com/ExponentialFunction.html}},
    note     = {Last visited on \today},
}
@misc{harmonicwolfram,
    author   = {Weisstein, Eric W.},
    title    = {Harmonic Number. {From MathWorld---A Wolfram Web Resource}},
    howpublished      = {\url{https://mathworld.wolfram.com/HarmonicNumber.html}},
    note     = {Last visited on \today},
}
@misc{emconstant,
    author   = {Weisstein, Eric W.},
    title    = {Euler-Mascheroni Constant. {From MathWorld---A Wolfram Web Resource}},
    howpublished      = {\url{https://mathworld.wolfram.com/Euler-MascheroniConstant.html}},
    note     = {Last visited on \today},
}
@misc {stackstirling,
    TITLE = {How to visually display the Stirling permutations of $k^{th}$ order?
},
    HOWPUBLISHED = {Mathematica Stack Exchange},
    NOTE = {https://mathematica.stackexchange.com/questions/240381 (version: 2021-02-21)},
    EPRINT = {https://mathematica.stackexchange.com/questions/240381},
    URL = {https://mathematica.stackexchange.com/questions/240381}
}
@misc {powerseriesgamma,
    TITLE = {Incomplete Gamma and Related Functions- Asymptotic Approximations and Expansions},
    HOWPUBLISHED = {NIST Digital Library of Mathematical Functions. },
    NOTE = {https://dlmf.nist.gov/8.11.ii, Last visited on \today},
    EPRINT = {https://dlmf.nist.gov/8.11.ii},
    URL = {https://dlmf.nist.gov/8.11.ii}
}
@misc{risingfactorial,
    author   = {Weisstein, Eric W.},
    title    = {Rising Factorial. {From MathWorld---A Wolfram Web Resource}},
    howpublished      = {\url{https://mathworld.wolfram.com/RisingFactorial.html}},
    note     = {Last visited on \today},
}